<?xml version="1.0" encoding="UTF-8"?><collection xmlns="http://www.loc.gov/MARC21/slim"><record><leader>00389nam--2200133-i-4500</leader><controlfield tag="001">000014640</controlfield><controlfield tag="002">20161230</controlfield><controlfield tag="005">20161230201030</controlfield><controlfield tag="008">060222s1000------------r-----000-0-eng-d</controlfield><datafield ind1=" " ind2=" " tag="080"><subfield code="a">51(075.32)</subfield></datafield><datafield ind1=" " ind2=" " tag="100"><subfield code="a">Beju, Angela Elena Si Beju, Iulian</subfield></datafield><datafield ind1=" " ind2=" " tag="245"><subfield code="a">Compendiu de matematica. (algebra si geometrie</subfield></datafield><datafield ind1=" " ind2=" " tag="260"><subfield code="a">Bucuresti, Editura Stiintifica Si Enciclopedic A, 1983 567 P</subfield></datafield><datafield ind1=" " ind2=" " tag="852"><subfield code="a">71471</subfield></datafield></record></collection>